@article{sen2005cute,
  title = {CUTE: a concolic unit testing engine for C},
  author = {Sen, Koushik and Marinov, Darko and Agha, Gul},
  journal = {ACM SIGSOFT Software Engineering Notes},
  volume = 30,
  number = 5,
  year = 2005,
  publisher={ACM New York, NY, USA}
}

@book{katelUFO,
  author = "Kate L. Turabian",
  title = "A Manual for Writers of Research Papers, Theses, and Dissertations",
  publisher = "Chicago Style for Students and Researchers",
  ?_edition = "8th Revised edition",
  year = "2013",
  ?_month = "April",
}

@misc{andreasvikke,
  author = "{Andreas Vikke}",
  title = {Andreas Vikke Website},
  year = "2021",
  howpublished = "\url{https://andreasvikke.dk/}",
  note = "[Online; accessed 23-February-2021]"
}