@misc{studieordning,
  author = "{Lars Bogetoft}",
  title = {Studieordning for softwareudvikling},
  year = "2014",
  howpublished = "\url{https://www.cphbusiness.dk/media/1177/pba_soft_cba_studieordning.pdf}",
  note = "[Online; accessed 25-February-2021]"
}